@book{goodfellow,
    title={Deep Learning},
    author={Ian Goodfellow and Yoshua Bengio and Aaron Courville},
    publisher={MIT Press},
    note={\url{http://www.deeplearningbook.org}},
    year={2016}
}

@article{universal-approximator,
  author    = "Moshe Leshno, Vladimir Ya. Lin, Allan Pinkus and Shimon Schocken",
  title     = "Multilayer Feedforward Networks With a Nonpolynomial
    Activation Function Can Approximate Any Function",
  journal   = "Neural Networks",
  ?_volume   = "6",
  ?_number   = "",
  ?_pages    = "861-867",
  year      = "1993",
  ?_month    = "March",
  ?_note     = ""
}
